<record><leader>00000cas a22000007a 4500</leader><controlfield tag="001">18903272</controlfield><controlfield tag="008">881215d18881960mouwr ne      0    0eng d</controlfield><datafield ind1=" " ind2=" " tag="010"><subfield code="a">sn 88068131 </subfield></datafield><datafield ind1=" " ind2=" " tag="040"><subfield code="a">MQN</subfield><subfield code="b">eng</subfield><subfield code="c">MQN</subfield><subfield code="d">OCLCQ</subfield></datafield><datafield ind1="0" ind2="0" tag="245"><subfield code="a">Armstrong herald.</subfield></datafield><datafield ind1=" " ind2=" " tag="260"><subfield code="a">Armstrong, Mo. :</subfield><subfield code="b">J.S. Preston</subfield></datafield><datafield ind1=" " ind2=" " tag="300"><subfield code="a">v.</subfield></datafield><datafield ind1=" " ind2=" " tag="310"><subfield code="a">Weekly</subfield></datafield><datafield ind1="0" ind2=" " tag="362"><subfield code="a">Vol. 1, no. 1 (Jan. 5, 1888)-</subfield></datafield><datafield ind1="1" ind2=" " tag="362"><subfield code="a">Ceased in 1960?</subfield></datafield><datafield ind1=" " ind2="4" tag="651"><subfield code="a">Armstrong (Mo.)</subfield><subfield code="v">Newspapers.</subfield></datafield><datafield ind1=" " ind2=" " tag="752"><subfield code="a">United States</subfield><subfield code="b">Missouri</subfield><subfield code="c">Howard</subfield><subfield code="d">Armstrong.</subfield></datafield></record>